<record><leader>00000cas a2200000 a 4500</leader><controlfield tag="001">5033117</controlfield><controlfield tag="008">790604d19791985mnuwr ne      0   a0eng d</controlfield><datafield ind1=" " ind2=" " tag="010"><subfield code="a">sn 79000776 </subfield></datafield><datafield ind1=" " ind2=" " tag="040"><subfield code="a">NSD</subfield><subfield code="b">eng</subfield><subfield code="c">NSD</subfield><subfield code="d">MN#</subfield><subfield code="d">OCL</subfield><subfield code="d">OCLCQ</subfield><subfield code="d">OCLCF</subfield><subfield code="d">OCLCO</subfield></datafield><datafield ind1=" " ind2=" " tag="012"><subfield code="k">1</subfield><subfield code="m">c</subfield></datafield><datafield ind1="1" ind2=" " tag="022"><subfield code="a">0194-8091</subfield><subfield code="l">0194-8091</subfield><subfield code="2">1</subfield></datafield><datafield ind1="1" ind2=" " tag="029"><subfield code="a">AU@</subfield><subfield code="b">000025791184</subfield></datafield><datafield ind1=" " ind2=" " tag="032"><subfield code="a">479270</subfield><subfield code="b">USPS</subfield></datafield><datafield ind1=" " ind2=" " tag="042"><subfield code="a">nsdp</subfield></datafield><datafield ind1=" " ind2=" " tag="043"><subfield code="a">n-us-mn</subfield></datafield><datafield ind1=" " ind2=" " tag="052"><subfield code="a">4144</subfield><subfield code="b">F45</subfield><subfield code="b">B94</subfield></datafield><datafield ind1=" " ind2=" " tag="052"><subfield code="a">4143</subfield><subfield code="b">D3</subfield></datafield><datafield ind1="0" ind2=" " tag="130"><subfield code="a">Thisweek news (Famington, Minn.)</subfield></datafield><datafield ind1=" " ind2="0" tag="222"><subfield code="a">Thisweek news</subfield></datafield><datafield ind1="1" ind2="0" tag="245"><subfield code="a">Thisweek news.</subfield></datafield><datafield ind1="3" ind2=" " tag="246"><subfield code="a">This week news</subfield></datafield><datafield ind1="1" ind2="3" tag="246"><subfield code="a">Thisweek</subfield></datafield><datafield ind1=" " ind2=" " tag="260"><subfield code="a">Farmington, Minn. :</subfield><subfield code="b">Joseph R. Clay and Daniel H. Clay</subfield></datafield><datafield ind1=" " ind2=" " tag="300"><subfield code="a">v.</subfield></datafield><datafield ind1=" " ind2=" " tag="310"><subfield code="a">Weekly</subfield></datafield><datafield ind1="1" ind2=" " tag="362"><subfield code="a">Began Mar. 6, 1979.</subfield></datafield><datafield ind1="0" ind2=" " tag="362"><subfield code="a">-v. 8 [i.e. 9], no. 34 (Oct. 19, 1987).</subfield></datafield><datafield ind1=" " ind2=" " tag="500"><subfield code="a">Published as: Zone 3 ed., &lt;May 28, 1984&gt;-Oct. 19, 1987&gt;.</subfield></datafield><datafield ind1=" " ind2=" " tag="500"><subfield code="a">Published at: Burnsville, Minn., July 9, 1984-Oct. 19, 1987.</subfield></datafield><datafield ind1=" " ind2=" " tag="530"><subfield code="a">Available on microfilm from the Minnesota Historical Society.</subfield></datafield><datafield ind1=" " ind2=" " tag="588"><subfield code="a">Description based on: Vol. 1, no. 2 (Mar. 13, 1979).</subfield></datafield><datafield ind1=" " ind2="0" tag="651"><subfield code="a">Dakota County (Minn.)</subfield><subfield code="v">Newspapers.</subfield></datafield><datafield ind1=" " ind2="7" tag="655"><subfield code="a">Newspapers.</subfield><subfield code="2">fast</subfield><subfield code="0">(OCoLC)fst01423814</subfield></datafield><datafield ind1=" " ind2="7" tag="651"><subfield code="a">Minnesota</subfield><subfield code="z">Dakota County.</subfield><subfield code="2">fast</subfield><subfield code="0">(OCoLC)fst01211081</subfield></datafield><datafield ind1=" " ind2=" " tag="752"><subfield code="a">United States</subfield><subfield code="b">Minnesota</subfield><subfield code="c">Dakota</subfield><subfield code="d">Farmington.</subfield></datafield><datafield ind1=" " ind2=" " tag="752"><subfield code="a">United States</subfield><subfield code="b">Minnesota</subfield><subfield code="c">Dakota</subfield><subfield code="d">Burnsville.</subfield></datafield><datafield ind1="0" ind2="0" tag="785"><subfield code="t">Farmington thisweek</subfield><subfield code="w">(DLC)sn 90060723</subfield></datafield><datafield ind1=" " ind2=" " tag="936"><subfield code="a">v. 1, no. 12</subfield></datafield></record>